<?xml version="1.0" encoding="UTF-8"?><collection xmlns="http://www.loc.gov/MARC21/slim"><record><leader>00522nam--2200181-i-4500</leader><controlfield tag="001">000012647</controlfield><controlfield tag="002">20161230</controlfield><controlfield tag="005">20161230201029</controlfield><controlfield tag="008">060222s1000------------r-----000-0-fre-d</controlfield><datafield ind1=" " ind2=" " tag="040"><subfield code="a">IFIN-HH</subfield></datafield><datafield ind1=" " ind2=" " tag="041"><subfield code="a">fre</subfield></datafield><datafield ind1=" " ind2=" " tag="080"><subfield code="a">535.343(O43):621.375.826</subfield></datafield><datafield ind1="1" ind2=" " tag="100"><subfield code="a">Cahen, Josselyne</subfield></datafield><datafield ind1="1" ind2="0" tag="245"><subfield code="a">Mesure de la section efficace du transfert d'excitation: kr (5s[3]2) - xe (6p[3/2]1)</subfield><subfield code="b">These</subfield><subfield code="c">Josselyne cahen</subfield></datafield><datafield ind1=" " ind2=" " tag="260"><subfield code="a">Paris</subfield><subfield code="b">L'Universite</subfield><subfield code="c">1976</subfield></datafield><datafield ind1=" " ind2=" " tag="300"><subfield code="a">73P</subfield></datafield><datafield ind1=" " ind2=" " tag="852"><subfield code="a">45984</subfield><subfield code="c">535.33</subfield></datafield><datafield ind1=" " ind2=" " tag="CAT"><subfield code="a">Sys</subfield><subfield code="c">20101214</subfield><subfield code="h">113948</subfield></datafield></record></collection>